@article{shu2017,
  author    = {Kai Shu and
               Amy Sliva and
               Suhang Wang and
               Jiliang Tang and
               Huan Liu},
  title     = {Fake News Detection on Social Media: {A} Data Mining Perspective},
  journal   = {CoRR},
  volume    = {abs/1708.01967},
  year      = {2017},
  url       = {http://arxiv.org/abs/1708.01967},
  archivePrefix = {arXiv},
  eprint    = {1708.01967},
  timestamp = {Mon, 13 Aug 2018 16:46:29 +0200},
  biburl    = {https://dblp.org/rec/bib/journals/corr/abs-1708-01967},
  bibsource = {dblp computer science bibliography, https://dblp.org}
}

@misc{europeancommission2018,
    author = {European Commission},
    title = {Fake news and online disinformation},
    year = {2018},
    howpublished = {\url{https://ec.europa.eu/digital-single-market/en/fake-news-disinformation}},
    note = {Retrieved on 8th of April, 2019}
}

@misc{googletrends2019,
    author = {Google Trends},
    title = {Explore},
    year = {2019},
    howpublished = {\url{https://trends.google.nl/trends/explore?date=today%205-y&q=fake%20news}},
    note = {Retrieved on 16th of April, 2019}
}

@InProceedings{conneau2017,
  author    = {Conneau, Alexis  and  Kiela, Douwe  and  Schwenk, Holger  and  Barrault, Lo\"{i}c  and  Bordes, Antoine},
  title     = {Supervised Learning of Universal Sentence Representations from Natural Language Inference Data},
  booktitle = {Proceedings of the 2017 Conference on Empirical Methods in Natural Language Processing},
  month     = {September},
  year      = {2017},
  address   = {Copenhagen, Denmark},
  publisher = {Association for Computational Linguistics},
  pages     = {670--680},
  url       = {https://www.aclweb.org/anthology/D17-1070}
}

@article{peters2018,
  author    = {Matthew E. Peters and
               Mark Neumann and
               Mohit Iyyer and
               Matt Gardner and
               Christopher Clark and
               Kenton Lee and
               Luke Zettlemoyer},
  title     = {Deep contextualized word representations},
  journal   = {CoRR},
  volume    = {abs/1802.05365},
  year      = {2018},
  url       = {http://arxiv.org/abs/1802.05365},
  archivePrefix = {arXiv},
  eprint    = {1802.05365},
  timestamp = {Mon, 13 Aug 2018 16:48:54 +0200},
  biburl    = {https://dblp.org/rec/bib/journals/corr/abs-1802-05365},
  bibsource = {dblp computer science bibliography, https://dblp.org}
}

@article{devlin2018,
  title={BERT: Pre-training of Deep Bidirectional Transformers for Language Understanding},
  author={Devlin, Jacob and Chang, Ming-Wei and Lee, Kenton and Toutanova, Kristina},
  journal={arXiv preprint arXiv:1810.04805},
  year={2018}
}

@article{radford2019,
  title={Language Models are Unsupervised Multitask Learners},
  author={Radford, Alec and Wu, Jeff and Child, Rewon and Luan, David and Amodei, Dario and Sutskever, Ilya},
  year={2019}
}

@article{dai2019,
  author    = {Zihang Dai and
               Zhilin Yang and
               Yiming Yang and
               Jaime G. Carbonell and
               Quoc V. Le and
               Ruslan Salakhutdinov},
  title     = {Transformer-XL: Attentive Language Models Beyond a Fixed-Length Context},
  journal   = {CoRR},
  volume    = {abs/1901.02860},
  year      = {2019},
  url       = {http://arxiv.org/abs/1901.02860},
  archivePrefix = {arXiv},
  eprint    = {1901.02860},
  timestamp = {Fri, 01 Feb 2019 13:39:59 +0100},
  biburl    = {https://dblp.org/rec/bib/journals/corr/abs-1901-02860},
  bibsource = {dblp computer science bibliography, https://dblp.org}
}

@article{wang2018,
  author    = {William Yang Wang},
  title     = {"Liar, Liar Pants on Fire": {A} New Benchmark Dataset for Fake News
               Detection},
  journal   = {CoRR},
  volume    = {abs/1705.00648},
  year      = {2017},
  url       = {http://arxiv.org/abs/1705.00648},
  archivePrefix = {arXiv},
  eprint    = {1705.00648},
  timestamp = {Mon, 13 Aug 2018 16:48:58 +0200},
  biburl    = {https://dblp.org/rec/bib/journals/corr/Wang17j},
  bibsource = {dblp computer science bibliography, https://dblp.org}
}

@article{liu2019,
  title={Multi-Task Deep Neural Networks for Natural Language Understanding},
  author={Liu, Xiaodong and He, Pengcheng and Chen, Weizhu and Gao, Jianfeng},
  journal={arXiv preprint arXiv:1901.11504},
  year={2019}
}