@article{Shu2017,
  author    = {Kai Shu and
               Amy Sliva and
               Suhang Wang and
               Jiliang Tang and
               Huan Liu},
  title     = {Fake News Detection on Social Media: {A} Data Mining Perspective},
  journal   = {CoRR},
  volume    = {abs/1708.01967},
  year      = {2017},
  url       = {http://arxiv.org/abs/1708.01967},
  archivePrefix = {arXiv},
  eprint    = {1708.01967},
  timestamp = {Mon, 13 Aug 2018 16:46:29 +0200},
  biburl    = {https://dblp.org/rec/bib/journals/corr/abs-1708-01967},
  bibsource = {dblp computer science bibliography, https://dblp.org}
}

@misc{EuropeanCommission2018,
    author = {European Commission},
    title = {Fake news and online disinformation},
    year = {2018},
    howpublished = {\url{https://ec.europa.eu/digital-single-market/en/fake-news-disinformation}},
    note = {Retrieved on 8th of April, 2019}
}

@misc{GoogleTrends2019,
    author = {Google Trends},
    title = {Explore},
    year = {2019},
    howpublished = {\url{https://trends.google.nl/trends/explore?date=today%205-y&q=fake%20news},
    note = {Retrieved on 16th of April, 2019}
}