@article{shu2017,
  author    = {Kai Shu and
               Amy Sliva and
               Suhang Wang and
               Jiliang Tang and
               Huan Liu},
  title     = {Fake News Detection on Social Media: {A} Data Mining Perspective},
  journal   = {CoRR},
  volume    = {abs/1708.01967},
  year      = {2017},
  url       = {http://arxiv.org/abs/1708.01967},
  archivePrefix = {arXiv},
  eprint    = {1708.01967},
  timestamp = {Mon, 13 Aug 2018 16:46:29 +0200},
  biburl    = {https://dblp.org/rec/bib/journals/corr/abs-1708-01967},
  bibsource = {dblp computer science bibliography, https://dblp.org}
}

@misc{europeancommission2018,
    author = "{European Commission}",
    title = {Fake news and online disinformation},
    year = {2018},
    howpublished = {\url{https://ec.europa.eu/digital-single-market/en/fake-news-disinformation}},
    note = {Retrieved on 8th of April, 2019}
}

@InProceedings{conneau2017,
  author    = {Conneau, Alexis  and  Kiela, Douwe  and  Schwenk, Holger  and  Barrault, Loic  and  Bordes, Antoine},
  title     = {Supervised Learning of Universal Sentence Representations from Natural Language Inference Data},
  booktitle = {Proceedings of the 2017 Conference on Empirical Methods in Natural Language Processing},
  month     = {September},
  year      = {2017},
  address   = {Copenhagen, Denmark},
  publisher = {Association for Computational Linguistics},
  pages     = {670--680},
  url       = {https://www.aclweb.org/anthology/D17-1070}
}

@article{peters2018,
  author    = {Matthew E. Peters and
               Mark Neumann and
               Mohit Iyyer and
               Matt Gardner and
               Christopher Clark and
               Kenton Lee and
               Luke Zettlemoyer},
  title     = {Deep contextualized word representations},
  journal   = {CoRR},
  volume    = {abs/1802.05365},
  year      = {2018},
  url       = {http://arxiv.org/abs/1802.05365},
  archivePrefix = {arXiv},
  eprint    = {1802.05365},
  timestamp = {Mon, 13 Aug 2018 16:48:54 +0200},
  biburl    = {https://dblp.org/rec/bib/journals/corr/abs-1802-05365},
  bibsource = {dblp computer science bibliography, https://dblp.org}
}

@article{devlin2018,
  title={BERT: Pre-training of Deep Bidirectional Transformers for Language Understanding},
  author={Devlin, Jacob and Chang, Ming-Wei and Lee, Kenton and Toutanova, Kristina},
  journal={arXiv preprint arXiv:1810.04805},
  year={2018}
}

@article{radford2019,
  title={Language Models are Unsupervised Multitask Learners},
  author={Radford, Alec and Wu, Jeff and Child, Rewon and Luan, David and Amodei, Dario and Sutskever, Ilya},
  year={2019}
}

@article{dai2019,
  author    = {Zihang Dai and
               Zhilin Yang and
               Yiming Yang and
               Jaime G. Carbonell and
               Quoc V. Le and
               Ruslan Salakhutdinov},
  title     = {Transformer-XL: Attentive Language Models Beyond a Fixed-Length Context},
  journal   = {CoRR},
  volume    = {abs/1901.02860},
  year      = {2019},
  url       = {http://arxiv.org/abs/1901.02860},
  archivePrefix = {arXiv},
  eprint    = {1901.02860},
  timestamp = {Fri, 01 Feb 2019 13:39:59 +0100},
  biburl    = {https://dblp.org/rec/bib/journals/corr/abs-1901-02860},
  bibsource = {dblp computer science bibliography, https://dblp.org}
}

@article{wang2018,
  author    = {William Yang Wang},
  title     = {Liar, Liar Pants on Fire: A New Benchmark Dataset for Fake News
               Detection},
  journal   = {CoRR},
  volume    = {abs/1705.00648},
  year      = {2017},
  url       = {http://arxiv.org/abs/1705.00648},
  archivePrefix = {arXiv},
  eprint    = {1705.00648},
  timestamp = {Mon, 13 Aug 2018 16:48:58 +0200},
  biburl    = {https://dblp.org/rec/bib/journals/corr/Wang17j},
  bibsource = {dblp computer science bibliography, https://dblp.org}
}

@article{liu2019,
  title={Multi-Task Deep Neural Networks for Natural Language Understanding},
  author={Liu, Xiaodong and He, Pengcheng and Chen, Weizhu and Gao, Jianfeng},
  journal={arXiv preprint arXiv:1901.11504},
  year={2019}
}

@article{mitchell2018,
  title={Americans Still Prefer Watching to Reading the News â€“ And Mostly Still Through Television},
  author={Amy Mitchell and Hannah Klein},
  year={2018},
  publisher={Pew Research Center}
}

@article{howell2013,
  title={Digital wildfires in a hyperconnected world},
  author={Howell, Lee and others},
  journal={WEF Report},
  volume={3},
  pages={15-94},
  year={2013}
}

@misc{khurana2017,
  title={The linguistic features of fake news headlines and statements},
  author={Khurana, Urja},
  year={2017},
  school={University of Amsterdam}
}

@techreport{babakar2016,
  author={Mevan Babakar and Will Moy}, 
  title={The State of Automated Factchecking}, 
  institution={Full Fact}, 
  year={2016}
}

@online{pydata2018,
    title = {Sentence embeddings for automated factchecking - Lev Konstantinovskiy},
    date = {2018},
    organization = {PyData},
    author = {Lev Konstantinovskiy},
    howpublished = {\url{https://www.youtube.com/watch?v=ddf0lgPCoSo}},
    note = {Retrieved on 29th of May 2019}
}

@online{fakerfact,
  title = {About FakerFact},
  author = "{FakerFact}",
  howpublished = {\url{https://www.fakerfact.org/about}},
  note = {Retrieved on 29th of May 2019}
}

@inproceedings{shao2016,
 author = {Shao, Chengcheng and Ciampaglia, Giovanni Luca and Flammini, Alessandro and Menczer, Filippo},
 title = {Hoaxy: A Platform for Tracking Online Misinformation},
 booktitle = {Proceedings of the 25th International Conference Companion on World Wide Web},
 series = {WWW '16 Companion},
 year = {2016},
 isbn = {978-1-4503-4144-8},
 location = {Montr\&\#233;al, Qu\&\#233;bec, Canada},
 pages = {745--750},
 numpages = {6},
 url = {https://doi.org/10.1145/2872518.2890098},
 doi = {10.1145/2872518.2890098},
 acmid = {2890098},
 publisher = {International World Wide Web Conferences Steering Committee},
 address = {Republic and Canton of Geneva, Switzerland},
 keywords = {fact checking, fake news, hoaxes, misinformation, rumor tracking, twitter},
}

@inproceedings{boureau2010,
  title={A theoretical analysis of feature pooling in visual recognition},
  author={Boureau, Y-Lan and Ponce, Jean and LeCun, Yann},
  booktitle={Proceedings of the 27th international conference on machine learning (ICML-10)},
  pages={111--118},
  year={2010}
}

@inproceedings{scherer2010,
  title={Evaluation of pooling operations in convolutional architectures for object recognition},
  author={Scherer, Dominik and M{\"u}ller, Andreas and Behnke, Sven},
  booktitle={International conference on artificial neural networks},
  pages={92--101},
  year={2010},
  organization={Springer}
}

@inproceedings{lai2015,
  title={Recurrent convolutional neural networks for text classification},
  author={Lai, Siwei and Xu, Liheng and Liu, Kang and Zhao, Jun},
  booktitle={Twenty-ninth AAAI conference on artificial intelligence},
  year={2015}
}

@inproceedings{zhang2015,
  title={Character-level convolutional networks for text classification},
  author={Zhang, Xiang and Zhao, Junbo and LeCun, Yann},
  booktitle={Advances in neural information processing systems},
  pages={649--657},
  year={2015}
}

@article{shen2018,
  author    = {Dinghan Shen and
               Guoyin Wang and
               Wenlin Wang and
               Martin Renqiang Min and
               Qinliang Su and
               Yizhe Zhang and
               Chunyuan Li and
               Ricardo Henao and
               Lawrence Carin},
  title     = {Baseline Needs More Love: On Simple Word-Embedding-Based Models and
               Associated Pooling Mechanisms},
  journal   = {CoRR},
  volume    = {abs/1805.09843},
  year      = {2018},
  url       = {http://arxiv.org/abs/1805.09843},
  archivePrefix = {arXiv},
  eprint    = {1805.09843},
  timestamp = {Mon, 13 Aug 2018 16:49:12 +0200},
  biburl    = {https://dblp.org/rec/bib/journals/corr/abs-1805-09843},
  bibsource = {dblp computer science bibliography, https://dblp.org}
}

@online{keraspad,
  title = {Sequence Preprocessing},
  author = "{Keras}",
  howpublished = {\url{https://keras.io/preprocessing/sequence/}}
}

@inproceedings{hu2014,
  title={Convolutional neural network architectures for matching natural language sentences},
  author={Hu, Baotian and Lu, Zhengdong and Li, Hang and Chen, Qingcai},
  booktitle={Advances in neural information processing systems},
  pages={2042--2050},
  year={2014}
}

@inproceedings{simard2003,
  title={Best practices for convolutional neural networks applied to visual document analysis.},
  author={Simard, Patrice Y and Steinkraus, David and Platt, John C and others},
  booktitle={Icdar},
  volume={3},
  number={2003},
  year={2003}
}

@article{wen2018,
  author={L. {Wen} and X. {Li} and L. {Gao} and Y. {Zhang}},
  journal={IEEE Transactions on Industrial Electronics},
  title={A New Convolutional Neural Network-Based Data-Driven Fault Diagnosis Method},
  year={2018},
  volume={65},
  number={7},
  pages={5990-5998},
  keywords={belief networks;fault diagnosis;feature extraction;feedforward neural nets;hydraulic systems;intelligent manufacturing systems;learning (artificial intelligence);machine bearings;mechanical engineering computing;pistons;pumps;support vector machines;conversion method;data-driven fault diagnosis method;convolutional neural network;feature extraction process;raw data;effective DL method;manufacturing system;smart manufacturing;deep learning;LeNet-5;fault diagnosis;signal conversion;two-dimensional images;handcrafted features;motor bearing dataset;self-priming centrifugal pump dataset;axial piston hydraulic pump dataset;adaptive deep CNN;sparse filter;deep belief network;support vector machine;Fault diagnosis;Feature extraction;Monitoring;Image classification;Time-domain analysis;Convolutional neural network (CNN);data-driven;fault diagnosis;image classification},
  doi={10.1109/TIE.2017.2774777},
  ISSN={0278-0046},
  month={July}
}

@online{olah2015,
  title={Understanding LSTM Networks},
  author={Christopher Olah},
  year={2015},
  month={August},
  howpublished = {\url{https://colah.github.io/posts/2015-08-Understanding-LSTMs/}}
}

@article{kim2014,
  author    = {Yoon Kim},
  title     = {Convolutional Neural Networks for Sentence Classification},
  journal   = {CoRR},
  volume    = {abs/1408.5882},
  year      = {2014},
  url       = {http://arxiv.org/abs/1408.5882},
  archivePrefix = {arXiv},
  eprint    = {1408.5882},
  timestamp = {Mon, 13 Aug 2018 16:46:21 +0200},
  biburl    = {https://dblp.org/rec/bib/journals/corr/Kim14f},
  bibsource = {dblp computer science bibliography, https://dblp.org}
}

@article{mikolov2017,
  author    = {Tomas Mikolov and
               Edouard Grave and
               Piotr Bojanowski and
               Christian Puhrsch and
               Armand Joulin},
  title     = {Advances in Pre-Training Distributed Word Representations},
  journal   = {CoRR},
  volume    = {abs/1712.09405},
  year      = {2017},
  url       = {http://arxiv.org/abs/1712.09405},
  archivePrefix = {arXiv},
  eprint    = {1712.09405},
  timestamp = {Mon, 13 Aug 2018 16:46:21 +0200},
  biburl    = {https://dblp.org/rec/bib/journals/corr/abs-1712-09405},
  bibsource = {dblp computer science bibliography, https://dblp.org}
}

@article{vaswani2017,
  author    = {Ashish Vaswani and
               Noam Shazeer and
               Niki Parmar and
               Jakob Uszkoreit and
               Llion Jones and
               Aidan N. Gomez and
               Lukasz Kaiser and
               Illia Polosukhin},
  title     = {Attention Is All You Need},
  journal   = {CoRR},
  volume    = {abs/1706.03762},
  year      = {2017},
  url       = {http://arxiv.org/abs/1706.03762},
  archivePrefix = {arXiv},
  eprint    = {1706.03762},
  timestamp = {Mon, 13 Aug 2018 16:48:37 +0200},
  biburl    = {https://dblp.org/rec/bib/journals/corr/VaswaniSPUJGKP17},
  bibsource = {dblp computer science bibliography, https://dblp.org}
}

@misc{flairrepo,
  author = "{Zalando Research}",
  title = {Flair},
  year = {2019},
  publisher = {GitHub},
  journal = {GitHub repository},
  howpublished = {\url{https://github.com/zalandoresearch/flair}}
}

@online{pytorch,
  title = {From Research to Production},
  author = {PyTorch},
  howpublished = {\url{https://pytorch.org/}},
  note = {Retrieved on 10th of June 2019}
}

@inproceedings{akbik2019,
  title={Pooled Contextualized Embeddings for Named Entity Recognition},
  author={Akbik, Alan and Bergmann, Tanja and Vollgraf, Roland},
  booktitle = {{NAACL} 2019, 2019 Annual Conference of the North American Chapter of the Association for Computational Linguistics},
  pages     = {to appear},
  year      = {2019}
}

@misc{flairsentence,
  author = "{Zalando Research}",
  title = {NLP Base Types},
  year = {2018},
  publisher = {GitHub},
  journal = {GitHub repository},
  howpublished = {\url{https://github.com/zalandoresearch/flair/blob/master/resources/docs/TUTORIAL_1_BASICS.md}}
}

@misc{flairembedding,
  author = "{Zalando Research}",
  title = {BERT, ELMo, and Flair Embeddings},
  year = {2018},
  publisher = {GitHub},
  journal = {GitHub repository},
  howpublished = {\url{https://github.com/zalandoresearch/flair/blob/master/resources/docs/TUTORIAL_4_ELMO_BERT_FLAIR_EMBEDDING.md}},
  note = {Retrieved on 17th of June 2019}
}

@online{nltktokenize,
  title = {nltk.tokenize package},
  author = "{NLTK Project}",
  howpublished = {\url{https://www.nltk.org/api/nltk.tokenize.html}},
  note = {Retrieved on 10th of June 2019}
}

@article{radford2018,
  title={Improving language understanding by generative pre-training},
  author={Radford, Alec and Narasimhan, Karthik and Salimans, Tim and Sutskever, Ilya},
  journal= {\url{https://s3-us-west-2.amazonaws.com/openai-assets/research-covers/language-unsupervised/language_understanding_paper.pdf}},
  year={2018}
}

@inproceedings{akbik2018,
  title={Contextual String Embeddings for Sequence Labeling},
  author={Akbik, Alan and Blythe, Duncan and Vollgraf, Roland},
  booktitle = {{COLING} 2018, 27th International Conference on Computational Linguistics},
  pages     = {1638--1649},
  year      = {2018}
}

@inproceedings{pennington2014,
  author = {Jeffrey Pennington and Richard Socher and Christopher D. Manning},
  booktitle = {Empirical Methods in Natural Language Processing (EMNLP)},
  title = {GloVe: Global Vectors for Word Representation},
  year = {2014},
  pages = {1532--1543},
  url = {http://www.aclweb.org/anthology/D14-1162},
}

@online{merity2017,
  title = {The WikiText Long Term Dependency Language Modeling Dataset},
  author = {Merity, Stephen},
  howpublished = {\url{https://blog.einstein.ai/the-wikitext-long-term-dependency-language-modeling-dataset/}},
  year = {2017},
  note = {Retrieved on 17th of June 2019}
}

@online{numpy,
  title = {NumPy},
  author = "{NumPy developers}",
  howpublished = {\url{https://www.numpy.org/}},
  note = {Retrieved on 17th of June 2019}
}

@inproceedings{le2014,
  title={Distributed representations of sentences and documents},
  author={Le, Quoc and Mikolov, Tomas},
  booktitle={International conference on machine learning},
  pages={1188--1196},
  year={2014}
}

@inproceedings{gensim,
  title = {{Software Framework for Topic Modelling with Large Corpora}},
  author = {Radim {\v R}eh{\r u}{\v r}ek and Petr Sojka},
  booktitle = {{Proceedings of the LREC 2010 Workshop on New
        Challenges for NLP Frameworks}},
  pages = {45--50},
  year = 2010,
  month = May,
  day = 22,
  publisher = {ELRA},
  address = {Valletta, Malta},
  note={\url{http://is.muni.cz/publication/884893/en}},
  language={English}
}

@article{scikit-learn,
 title={Scikit-learn: Machine Learning in {P}ython},
 author={Pedregosa, F. and Varoquaux, G. and Gramfort, A. and Michel, V.
         and Thirion, B. and Grisel, O. and Blondel, M. and Prettenhofer, P.
         and Weiss, R. and Dubourg, V. and Vanderplas, J. and Passos, A. and
         Cournapeau, D. and Brucher, M. and Perrot, M. and Duchesnay, E.},
 journal={Journal of Machine Learning Research},
 volume={12},
 pages={2825--2830},
 year={2011}
}

@misc{keras,
  title={Keras},
  author={Chollet, Fran\c{c}ois and others},
  year={2015},
  howpublished={\url{https://keras.io}},
}